
@article{Schwinger1962,
  doi = {10.1103/physrev.128.2425},
  url = {https://doi.org/10.1103/physrev.128.2425},
  year  = {1962},
  month = {Dec},
  publisher = {American Physical Society ({APS})},
  volume = {128},
  number = {5},
  pages = {2425--2429},
  author = {J. Schwinger},
  title = {Gauge Invariance and Mass. {II}},
  journal = {Physical Review}
}
@article{Lowenstein1971,
author = {Lowenstein, J. H. and Swieca, J. A.},
doi = {10.1016/0003-4916(71)90246-6},
file = {:home/UANDES/m.restrepo11/.local/share/data/Mendeley Ltd./Mendeley Desktop/Downloaded/Lowenstein, Swieca - 1971 - Quantum electrodynamics in two dimensions.pdf:pdf},
issn = {1096035X},
journal = {Annals of Physics},
mendeley-groups = {Schwinger Model},
number = {1},
pages = {172--195},
title = {{Quantum electrodynamics in two dimensions}},
volume = {68},
year = {1971}
}

@article{Sch1951,
  title = {On Gauge Invariance and Vacuum Polarization},
  author = {J. Schwinger},
  journal = {Phys. Rev.},
  volume = {82},
  issue = {5},
  pages = {664--679},
  numpages = {0},
  year = {1951},
  month = {Jun},
  publisher = {American Physical Society},
  doi = {10.1103/PhysRev.82.664},
  url = {https://link.aps.org/doi/10.1103/PhysRev.82.664}
}

@article{Bell1969,
  doi = {10.1007/bf02823296},
  url = {https://doi.org/10.1007/bf02823296},
  year  = {1969},
  month = {mar},
  publisher = {Springer Nature},
  volume = {60},
  number = {1},
  pages = {47--61},
  author = {J. S. Bell and R. Jackiw},
  title = {A {PCAC} puzzle: {$\pi_0\rightarrow\gamma\gamma$} in the {$\sigma$}-model},
  journal = {Il Nuovo Cimento A}
}

@article{Adler,
  title = {Axial-Vector Vertex in Spinor Electrodynamics},
  author = {S. L. Adler},
  journal = {Phys. Rev.},
  volume = {177},
  issue = {5},
  pages = {2426--2438},
  numpages = {0},
  year = {1969},
  month = {Jan},
  publisher = {American Physical Society},
  doi = {10.1103/PhysRev.177.2426},
  url = {https://link.aps.org/doi/10.1103/PhysRev.177.2426}
}

@article{Fujikawa1980,
author = {K. Fujikawa},
doi = {10.1103/PhysRevD.22.1499},
file = {:home/UANDES/m.restrepo11/Descargas/PhysRevD.21.2848.pdf:pdf},
issn = {05562821},
journal = {Physical Review D},
mendeley-groups = {Schwinger Model},
month = {sep},
number = {6},
pages = {1499},
title = {{Erratum: Path integral for gauge theories with fermions (Physical Review D)}},
url = {https://link.aps.org/doi/10.1103/PhysRevD.22.1499},
volume = {22},
year = {1980}
}

@book{Schwartz,
  Author = {M. D. Schwartz},
  Title = {Quantum Field Theory and the Standard Model},
  Publisher = {Cambridge University Press},
  Year = {2013},
  ISBN = {1107034736},
}

@article{Atiyah1963,
  doi = {10.1090/s0002-9904-1963-10957-x},
  url = {https://doi.org/10.1090/s0002-9904-1963-10957-x},
  year  = {1963},
  month = {may},
  publisher = {American Mathematical Society ({AMS})},
  volume = {69},
  number = {3},
  pages = {422--434},
  author = {M. F. Atiyah and I. M. Singer},
  title = {The index of elliptic operators on compact manifolds},
  journal = {Bulletin of the American Mathematical Society}
}

@article{Coleman1976,
author = {S. Coleman},
doi = {10.1016/0003-4916(76)90280-3},
file = {:home/UANDES/m.restrepo11/.local/share/data/Mendeley Ltd./Mendeley Desktop/Downloaded/Coleman - 1976 - More about the massive Schwinger model.pdf:pdf},
issn = {00034916},
journal = {Annals of Physics},
mendeley-groups = {Schwinger Model},
month = {sep},
number = {1},
pages = {239--267},
title = {{More about the massive Schwinger model}},
url = {http://linkinghub.elsevier.com/retrieve/pii/0003491676902803},
volume = {101},
year = {1976}
}

@Book{abdalla,
 author = {Abdalla, E. and  Abdalla, M. C. B. and  Rothe, K. D.},
 title = {Non-perturbative methods in 2 dimensional quantum field theory},
 publisher = {World Scientific},
 year = {2001},
 address = {Singapore River Edge, NJ},
 isbn = {981-02-4596-3}
 }
 
 @article{Bertlman,
author = {Adam, C. and Bertlmann, R. A. and Hofer, P.},
doi = {10.1007/BF02724505},
issn = {0393697X},
journal = {La Rivista Del Nuovo Cimento Series 3},
mendeley-groups = {Schwinger Model},
number = {8},
pages = {1--52},
title = {{Overview on the anomaly and Schwinger term in two-dimensional QED}},
volume = {16},
year = {1993}
}

@article{Bethe1931,
  doi = {10.1007/bf01341708},
  url = {https://doi.org/10.1007/bf01341708},
  year  = {1931},
  month = {mar},
  publisher = {Springer Nature},
  volume = {71},
  number = {3-4},
  pages = {205--226},
  author = {H. Bethe},
  title = {Zur Theorie der Metalle},
  journal = {Zeitschrift für Physik}
}

@article{Heisenberg1928,
	author = {W. Heisenberg},
	doi = {10.1007/BF01328601},
	issn = {0044-3328},
	journal = {Zeitschrift f{\"{u}}r Physik},
	month = {sep},
	number = {9},
	pages = {619--636},
	title = {{Zur Theorie des Ferromagnetismus}},
	url = {https://doi.org/10.1007/BF01328601},
	volume = {49},
	year = {1928}
}

@article{Lieb1961407,
	author = {Lieb, E. and Schultz, T. and Mattis, D.},
	doi = {https://doi.org/10.1016/0003-4916(61)90115-4},
	issn = {0003-4916},
	journal = {Annals of Physics},
	number = {3},
	pages = {407--466},
	title = {{Two soluble models of an antiferromagnetic chain}},
	url = {http://www.sciencedirect.com/science/article/pii/0003491661901154},
	volume = {16},
	year = {1961}
}

@article{RUIJGROK1976336,
	author = {Ruijgrok, T. W. and Niemeijer, T.},
	doi = {https://doi.org/10.1016/0378-4371(76)90005-4},
	issn = {0378-4371},
	journal = {Physica A: Statistical Mechanics and its Applications},
	number = {2},
	pages = {336--349},
	title = {{The classical one-dimensional Heisenberg magnet in an external magnetic field. Transfer matrix formalism as an application of renormalization group theory “avant la lettre”}},
	url = {http://www.sciencedirect.com/science/article/pii/0378437176900054},
	volume = {84},
	year = {1976}
}

@article{BM1,
	title = {Statistical Mechanics of the $\mathrm{XY}$ Model. I},
	author = {Barouch, E. and McCoy, Barry M. and Dresden, M.},
	journal = {Phys. Rev. A},
	volume = {2},
	issue = {3},
	pages = {1075--1092},
	numpages = {0},
	year = {1970},
	month = {Sep},
	publisher = {American Physical Society},
	doi = {10.1103/PhysRevA.2.1075},
	url = {https://link.aps.org/doi/10.1103/PhysRevA.2.1075}
}

@article{BM2,
	title = {Statistical Mechanics of the $XY$ Model. II. Spin-Correlation Functions},
	author = {Barouch, E. and McCoy, B. M.},
	journal = {Phys. Rev. A},
	volume = {3},
	issue = {2},
	pages = {786--804},
	numpages = {0},
	year = {1971},
	month = {Feb},
	publisher = {American Physical Society},
	doi = {10.1103/PhysRevA.3.786},
	url = {https://link.aps.org/doi/10.1103/PhysRevA.3.786}
}

@article{vidal,
	title = {Entanglement in Quantum Critical Phenomena},
	author = {Vidal, G. and Latorre, J. I. and Rico, E. and Kitaev, A.},
	journal = {Phys. Rev. Lett.},
	volume = {90},
	issue = {22},
	pages = {227902},
	numpages = {4},
	year = {2003},
	month = {Jun},
	publisher = {American Physical Society},
	doi = {10.1103/PhysRevLett.90.227902},
	url = {https://link.aps.org/doi/10.1103/PhysRevLett.90.227902}
}

@article{Bennett2000,
	doi = {10.1038/35005001},
	url = {https://doi.org/10.1038/35005001},
	year  = {2000},
	month = {mar},
	publisher = {Springer Nature},
	volume = {404},
	number = {6775},
	pages = {247--255},
	author = {C. H. Bennett and D. P. DiVincenzo},
	title = {Quantum information and computation},
	journal = {Nature}
}

@article{Kogut1975,
	author = {Kogut, J. B. and Susskind, L.},
	doi = {10.1103/PhysRevD.11.395},
	file = {:home/mateo/.local/share/data/Mendeley Ltd./Mendeley Desktop/Downloaded/Kogut, Susskind - 1975 - Hamiltonian formulation of Wilson's lattice gauge theories.pdf:pdf},
	issn = {05562821},
	journal = {Physical Review D},
	mendeley-groups = {Schwinger Model},
	number = {2},
	pages = {395--408},
	title = {{Hamiltonian formulation of Wilson's lattice gauge theories}},
	volume = {11},
	year = {1975}
}

@article{Susskind1977,
	author = {L. Susskind},
	doi = {10.1103/PhysRevD.16.3031},
	file = {:home/mateo/.local/share/data/Mendeley Ltd./Mendeley Desktop/Downloaded/Susskind - 1977 - Lattice fermions.pdf:pdf},
	issn = {0556-2821},
	journal = {Physical Review D},
	mendeley-groups = {Schwinger Model},
	month = {nov},
	number = {10},
	pages = {3031--3039},
	title = {{Lattice fermions}},
	url = {https://link.aps.org/doi/10.1103/PhysRevD.16.3031},
	volume = {16},
	year = {1977}
}



@article{Hamer1997,
	archivePrefix = {arXiv},
	arxivId = {hep-lat/9701015},
	author = {Hamer, C. J. and Weihong, Z. and Oitmaa, J.},
	doi = {10.1103/PhysRevD.56.55},
	eprint = {9701015},
	file = {:home/mateo/.local/share/data/Mendeley Ltd./Mendeley Desktop/Downloaded/Hamer, Weihong, Oitmaa - 1997 - Series expansions for the massive Schwinger model in Hamiltonian lattice theory.pdf:pdf},
	issn = {15502368},
	journal = {Physical Review D - Particles, Fields, Gravitation and Cosmology},
	mendeley-groups = {Schwinger Model},
	primaryClass = {hep-lat},
	title = {{Series expansions for the massive Schwinger model in Hamiltonian lattice theory}},
	year = {1997}
}

@article{Kogut1975,
	author = {Kogut, J. B. and Susskind, L.},
	doi = {10.1103/PhysRevD.11.395},
	file = {:home/mateo/.local/share/data/Mendeley Ltd./Mendeley Desktop/Downloaded/Kogut, Susskind - 1975 - Hamiltonian formulation of Wilson's lattice gauge theories.pdf:pdf},
	issn = {05562821},
	journal = {Physical Review D},
	mendeley-groups = {Schwinger Model},
	number = {2},
	pages = {395--408},
	title = {{Hamiltonian formulation of Wilson's lattice gauge theories}},
	volume = {11},
	year = {1975}
}

@article{Weinberg2017,
	archivePrefix = {arXiv},
	arxivId = {arXiv:1610.03042v4},
	author = {P. Weinberg and M. Bukov},
	eprint = {arXiv:1610.03042v4},
	file = {:home/mateo/.local/share/data/Mendeley Ltd./Mendeley Desktop/Downloaded/Weinberg, Bukov - 2017 - QuSpin a Python Package for Dynamics and Exact Diagonalisation of Quantum Many Body Systems. Part I spin chains.pdf:pdf},
	mendeley-groups = {Quspin},
	title = {{QuSpin: a Python Package for Dynamics and Exact Diagonalisation of Quantum Many Body Systems. Part I: spin chains}},
	url = {https://github.com/weinbe58/QuSpin/issues},
	year = {2017}
}

@article{Weinberg2018,
	archivePrefix = {arXiv},
	arxivId = {arXiv:1804.06782v1},
	author = {P. Weinberg and M. Bukov},
	eprint = {arXiv:1804.06782v1},
	file = {:home/mateo/.local/share/data/Mendeley Ltd./Mendeley Desktop/Downloaded/Weinberg, Bukov - 2018 - QuSpin a Python Package for Dynamics and Exact Diagonalisation of Quantum Many Body Systems. Part II bosons,(2).pdf:pdf},
	mendeley-groups = {Quspin},
	title = {{QuSpin: a Python Package for Dynamics and Exact Diagonalisation of Quantum Many Body Systems. Part II: bosons, fermions and higher spins}},
	url = {http://weinbe58.github.io/QuSpin/index.html.},
	year = {2018}
}

@book{arpack,
	Author = {R. B. Lehoucq and D. C. Sorensen and C. Yang},
	Title = {Arpack User's Guide: Solution of Large-Scale Eigenvalue Problems With Implicityly Restorted Arnoldi Methods},
	Publisher = {Society for Industrial and Applied},
	Year = {1998},
	ISBN = {0898714079}
}

@article{Banks,
	author = {Banks, T. and Susskind, L. and Kogut,
	J.},
	title = {Strong-coupling calculations of lattice gauge theories: (1 + 1)-dimensional exercises},
	journal = {Phys. Rev. D},
	volume = {13},
	issue = {4},
	pages = {1043--1053},
	numpages = {0},
	year = {1976},
	month = {Feb},
	publisher = {American Physical Society},
	doi = {10.1103/PhysRevD.13.1043},
	url = {https://link.aps.org/doi/10.1103/PhysRevD.13.1043}
}

@article{Byrnes2002,
	author = {Byrnes, T. M. R. and Sriganesh, P. and Bursill, R. J. and Hamer, C. J.},
	doi = {https://doi.org/10.1016/S0920-5632(02)01416-0},
	issn = {0920-5632},
	journal = {Nuclear Physics B - Proceedings Supplements},
	number = {1},
	pages = {202--206},
	title = {{Density matrix renormalisation group approach to the massive Schwinger model}},
	url = {http://www.sciencedirect.com/science/article/pii/S0920563202014160},
	volume = {109},
	year = {2002}
}

